,Quarter,Gross bookings,Revenue
0,Q4 '15,509,461
1,Q3 '15,502,480
2,Q2 '15,529,490
3,Q1 '15,604,570
4,Q4 '14,586,546
5,Q3 '14,544,514
6,Q2 '14,611,594
7,Q1 '14,641,607
8,Q4 '13,632,602
9,Q3 '13,648,621
10,Q2 '13,481,455
11,Q1 '13,219,206
12,Q4 '12,71,70
13,Q3 '12,43,41
14,Q2 '12,38,32
15,Q1 '12,29,22
